
@incollection{engel2014,
  title={{LSD-SLAM}: {L}arge-scale direct monocular {SLAM}},
  author={Engel, Jakob and Sch{\"o}ps, Thomas and Cremers, Daniel},
  booktitle={European Conference on Computer Vision (ECCV)},
  pages={834--849},
  year={2014},
  publisher={Springer}
}

@inproceedings{sunderhauf2015iros,
  title={On the performance of ConvNet features for place recognition},
  author={S{\"u}nderhauf, Niko and Shirazi, Sareh and Dayoub, Feras and Upcroft, Ben and Milford, Michael},
  booktitle={Intelligent Robots and Systems (IROS), 2015 IEEE/RSJ International Conference on},
  pages={4297--4304},
  year={2015},
  organization={IEEE}
}

@article{lowry2016,
  title={Visual Place Recognition: A Survey},
  author={Lowry, Stephanie and S{\"u}nderhauf, Niko and Newman, Paul and Leonard, John J and Cox, David and Corke, Peter and Milford, Michael J},
  journal={IEEE Transactions on Robotics},
  volume={30},
  number={1},
  pages={1-19},
  year={2016},
  publisher={IEEE}
}

@article{zhou2016,
  title={Learning Dense Correspondence via 3D-guided Cycle Consistency},
  author={Zhou, Tinghui and Kr{\"a}henb{\"u}hl, Philipp and Aubry, Mathieu and Huang, Qixing and Efros, Alexei A},
  journal={arXiv preprint arXiv:1604.05383},
  year={2016}
}

@inproceedings{long2014,
  title={Do Convnets Learn Correspondence?},
  author={Long, Jonathan L and Zhang, Ning and Darrell, Trevor},
  booktitle={Advances in Neural Information Processing Systems},
  pages={1601--1609},
  year={2014}
}

@misc{ted_nutcracker,
  author = {David Gonzales and Sunni Brown},
  title = {Symbiosis: {A} surprising tale of species cooperation},
  howpublished = {\url{http://ed.ted.com/lessons/symbiosis-a-surprising-tale-of-species-cooperation}},
  note = {Accessed: 2016-04-27},
  year = {2012}
}

@inproceedings{stoytchev2005,
  title={Behavior-grounded representation of tool affordances},
  author={Stoytchev, Alexander},
  booktitle={Robotics and Automation, 2005. ICRA 2005. Proceedings of the 2005 IEEE International Conference on},
  pages={3060--3065},
  year={2005},
  organization={IEEE}
}

@inproceedings{hitz2014iser,
  title={State Estimation for Shore Monitoring Using an Autonomous Surface Vessel},
  author={Gregory Hitz and Fran{\c{c}}ois Pomerleau and Francis Colas and Roland Siegwart},
  year={2014},
  booktitle={ISER}
}


@article{diego2011,
  title={Video alignment for change detection},
  author={Diego, Ferran and Ponsa, Daniel and Serrat, Joan and L{\'o}pez, Antonio M},
  journal={Image Processing, IEEE Transactions on},
  volume={20},
  number={7},
  pages={1858--1869},
  year={2011},
  publisher={IEEE}
}

@article{giusti2015,
  title={A Machine Learning Approach to Visual Perception of Forest Trails for Mobile Robots},
  author={Giusti, Alessandro and Guzzi, Jerome and Ciresan, Dan and He, Fang-Lin and Rodriguez, Juan Pablo and Fontana, Flavio and Faessler, Matthias and Forster, Christian and Schmidhuber, Jurgen and Di Caro, Gianni and others},
  journal={IEEE Robotics and Automation Letters},
  publisher={IEEE},
  year={2015}
}

@inproceedings{carlone2015,
  title={Towards 4D Crop Analysis in Precision Agriculture: Estimating Plant Height and Crown Radius over Time via Expectation-Maximization},
  author={L. Carlone and J. Dong and S. Fenu and G. C. Rains and F. Dellaert},
  booktitle={ICRA Workshop on Robotics in Agriculture},
  year={2015}
}



@article{sand2004,
  title={Video matching},
  author={Sand, Peter and Teller, Seth},
  journal={ACM Transactions on Graphics (TOG)},
  volume={23},
  number={3},
  pages={592--599},
  year={2004},
  organization={ACM}
}


@inproceedings{schmidt2010,
  title={Simulation and control of an autonomous bucket excavator for landscaping tasks},
  author={Schmidt, Daniel and Proetzsch, Martin and Berns, Karsten},
  booktitle={Robotics and Automation (ICRA), 2010 IEEE International Conference on},
  pages={5108--5113},
  year={2010},
  organization={IEEE}
}

@inproceedings{sukhoy2011,
  title={Toward imitating object manipulation tasks using sequences of movement dependency graphs},
  author={Sukhoy, Vladimir and Griffith, Shane and Stoytchev, Alexander}, 
  year={2011},
  booktitle={RSS Workshop on the State of Imitation Learning}
}

@article{hutchins1982,
  title={The central role of Clark's nutcracker in the dispersal and establishment of whitebark pine},
  author={Hutchins, Harry E and Lanner, Ronald M},
  journal={Oecologia},
  volume={55},
  number={2},
  pages={192--201},
  year={1982},
  publisher={Springer}
}

@article{tomback1978,
  title={Foraging strategies of Clark's nutcracker},
  author={Tomback, Diana F},
  journal={Living Bird},
  volume={16},
  number={1977},
  pages={123--160},
  year={1978}
}

@article{cabrol2012,
  title={Planetary lake lander: {U}sing technology relevant to Titan's exploration to investigate the impact of deglaciation on past and present planetary lakes},
  author={Cabrol, Nathalie and Grin, Edmund and Haberle, Chris and Moersch, Jeff and Jacobsen, Robert and Sommaruga, Ruben and Fleming, Erich and Detweiler, Angela and Echeverria, Alex and Blanco, Yolanda and others},
  year={2012},
  publisher={NASA}
}

@article{bargoti2015,
  title={A Pipeline for Trunk Detection in Trellis Structured Apple Orchards},
  author={Bargoti, Suchet and Underwood, James P and Nieto, Juan I and Sukkarieh, Salah},
  journal={Journal of Field Robotics},
  volume={32},
  number={8},
  pages={1075--1094},
  year={2015},
  publisher={Wiley Online Library}
}

@article{clayton1994,
  title={Memory for spatial and object-specific cues in food-storing and non-storing birds},
  author={Clayton, Nicky S and Krebs, John R},
  journal={Journal of Comparative Physiology A},
  volume={174},
  number={3},
  pages={371--379},
  year={1994},
  publisher={Springer}
}

@article{krebs1996,
  title={The ecology of the avian brain: {F}ood-storing memory and the hippocampus},
  author={Krebs, John R and Clayton, Nicky S and Healy, Susan D and Cristol, Daniel A and Patel, Sanjay N and Jolliffe, Anna R},
  journal={International Journal of Avian Science},
  volume={138},
  number={1},
  pages={34--46},
  year={1996},
  publisher={Wiley Online Library}
}

@article{ham2016,
  title = {Proposal Flow},
  author={Bumsub Ham and Minsu Cho and Cordelia Schmid and Jean Ponce},
  year={2016},
  journal={{arXiv}},
  note={arXiv:1511.05065}
}

@article{dekort2006,
  title={An evolutionary perspective on caching by corvids},
  author={De Kort, Selvino R and Clayton, Nicola S},
  journal={Proceedings of the Royal Society of London B: Biological Sciences},
  volume={273},
  number={1585},
  pages={417--423},
  year={2006},
  publisher={The Royal Society}
}

@phdthesis{scott2013,
  title={Clark's nutcracker occurrence, whitebark pine stand health, and cone production in the waterton-glacier international peace park},
  author={Scott, Jennifer D},
  year={2013},
  school={University of Colorado}
}

@inproceedings{zhou2015,
  title={Flow{W}eb: {J}oint image set alignment by weaving consistent, pixel-wise correspondences},
  author={Zhou, Tinghui and Lee, Yong Jae and Yu, Stella X and Efros, Alexei A},
  booktitle={Computer Vision and Pattern Recognition (CVPR)},
  pages={1191--1200},
  year={2015},
  organization={IEEE}
}

@article{li2015,
  title={Joint embeddings of shapes and images via {CNN} image purification},
  author={Li, Yangyan and Su, Hao and Qi, Charles Ruizhongtai and Fish, Noa and Cohen-Or, Daniel and Guibas, Leonidas J},
  journal={ACM Transactions on Graphics (TOG)},
  volume={34},
  number={6},
  pages={234},
  year={2015},
  publisher={ACM}
}

@misc{caffe,
  title={{Caffe Model Zoo}},
  howpublished = {\url{http://caffe.berkeleyvision.org/model_zoo.html}},
  note = {Accessed: 2015-12-02}
}


@article{kaess2012,
  title={{iSAM2}: {I}ncremental smoothing and mapping using the {B}ayes tree},
  author={Kaess, Michael and Johannsson, Hordur and Roberts, Richard and Ila, Viorela and Leonard, John J and Dellaert, Frank},
  journal={IJRR},
  volume={31},
  number={2},
  pages={216--235},
  year={2012},
  publisher={Sage Publications}
}

@inproceedings{rogers2009,
  title={Normalized graph cuts for visual SLAM},
  author={Rogers, John and Christensen, Henrik},
  booktitle={IROS},
  pages={918--923},
  year={2009},
  organization={IEEE}
}

@article{sibley2010,
  title={Vast-scale outdoor navigation using adaptive relative bundle adjustment},
  author={Sibley, Gabe and Mei, Christopher and Reid, Ian and Newman, Paul},
  journal={IJRR},
  volume={29},
  number={8},
  pages={958-980},
  year={2010},
  publisher={Sage Publications}
}

@inproceedings{kwatra2003,
  title={Graphcut textures: {I}mage and video synthesis using graph cuts},
  author={Kwatra, Vivek and Sch{\"o}dl, Arno and Essa, Irfan and Turk, Greg and Bobick, Aaron},
  booktitle={ACM Transactions on Graphics (ToG)},
  volume={22},
  pages={277--286},
  year={2003},
  organization={ACM}
}

@article{zlinszky2011,
  title={Initial report of the {AIMWETLAB} project: {S}imultaneous airborne hyperspectral, {LIDAR} and photogrammetric survey of the full shoreline of {L}ake {B}alaton, {H}ungary},
  author={Zlinszky, Andr{\'a}s and T{\'o}th, Viktor and Pomogyi, Piroska and Tim{\'a}r, G{\'a}bor},
  journal={Geographia Technica},
  volume={11},
  pages={101--117},
  year={2011}
}

@article{alvarez2007,
  title={Multilevel responses of emergent vegetation to environmental factors in a semiarid floodplain},
  author={Alvarez-Cobelas, Miguel and Cirujano, Santos},
  journal={Aquatic Botany},
  volume={87},
  number={1},
  pages={49--60},
  year={2007},
  publisher={Elsevier}
}

@article{niinioja2004,
  title={Public participation in monitoring programmes as a tool for lakeshore monitoring: {T}he example of {L}ake {P}yh{\"a}j{\"a}rvi, {K}arelia, {E}astern {F}inland},
  author={Niinioja, Ritta and Holopainen, Anna-Liisa and Lepist{\"o}, Liisa and R{\"a}m{\"o}, Anita and Turkka, Jouko},
  journal={Limnologica-Ecology and Management of Inland Waters},
  volume={34},
  number={1},
  pages={154--159},
  year={2004},
  publisher={Elsevier}
}

@incollection{kosecka2013,
  title={Detecting changes in images of street scenes},
  author={Ko{\v{s}}ecka, Jana},
  booktitle={Computer Vision--ACCV 2012},
  volume={7727},
  series={LNCS},
  pages={590--601},
  year={2013},
  publisher={Springer}
}

@inproceedings{johns2013,
  title={Feature co-occurrence maps: {A}ppearance-based localisation throughout the day},
  author={Johns, Edward and Yang, Guang-Zhong},
  booktitle={Robotics and Automation (ICRA), 2013 IEEE International Conference on},
  pages={3212--3218},
  year={2013},
  organization={IEEE}
}

@inproceedings{nelson2015,
  title={{From Dusk till Dawn: Localisation at Night using Artificial Light Sources}},
  author={Peter Nelson and Winston Churchill and Ingmar Posner and Paul Newman},
  booktitle={ICRA},
  year={2015},
}

@article{radke2005,
  title={Image change detection algorithms: {A} systematic survey},
  author={Radke, Richard J and Andra, Srinivas and Al-Kofahi, Omar and Roysam, Badrinath},
  journal={IEEE Transactions on Image Processing},
  volume={14},
  number={3},
  pages={294--307},
  year={2005},
  publisher={IEEE}
}

@article{evangelidis2013,
  title={Efficient subframe video alignment using short descriptors},
  author={Evangelidis, Georgios D and Bauckhage, Christian},
  journal={IEEE Transactions on Pattern Analysis and Machine Intelligence},
  volume={35},
  number={10},
  pages={2371--2386},
  year={2013},
  publisher={IEEE}
}

@article{williams2012,
  title={Monitoring of benthic reference sites: {U}sing an autonomous underwater vehicle},
  author={Williams, Stefan B and Pizarro, Oscar R and Jakuba, Michael V and Johnson, Craig R and Barrett, Neville S and Babcock, Russell C and Kendrick, Gary A and Steinberg, Peter D and Heyward, Andrew J and Doherty, Peter J and others},
  journal={Robotics \& Automation Magazine, IEEE},
  volume={19},
  number={1},
  pages={73--84},
  year={2012},
  publisher={IEEE}
}

@article{gu2009,
  title={Removing image artifacts due to dirty camera lenses and thin occluders},
  author={Gu, Jinwei and Ramamoorthi, Ravi and Belhumeur, Peter and Nayar, Shree},
  journal={ACM Transactions on Graphics (TOG)},
  volume={28},
  number={5},
  pages={144},
  year={2009},
  publisher={ACM}
}

@article{dunbabin2012,
  title={Robots for environmental monitoring: {S}ignificant advancements and applications},
  author={Dunbabin, Matthew and Marques, Lino},
  journal={Robotics \& Automation Magazine, IEEE},
  volume={19},
  number={1},
  pages={24--39},
  year={2012},
  publisher={IEEE}
}

@ARTICLE{tokekar2013,
  AUTHOR       = {P. Tokekar and E. Branson and J. {Vander Hook} and V. Isler},
  JOURNAL      = {IEEE Robotics and Automation Magazine},
  TITLE        = {Tracking Aquatic Invaders: {A}utonomous Robots for Monitoring Invasive Fish},
  YEAR         = {2013},
  NUMBER       = {3},
  PAGES        = {33-41},
  VOLUME       = {20},
  KEYWORDS     = {environmental-monitoring,coverage,active-localization},
  PDF          = {http://rsn.cs.umn.edu/images/7/75/Iram2012coverage.pdf},
  DBSLINKS  = {[49],[50]}
}

@article{scott2000,
  title={Comparison blindness},
  author={Scott-Brown, Kenneth and Baker, Mark and Orbach, Harry},
  journal={Visual cognition},
  volume={7},
  number={1-3},
  pages={253--267},
  year={2000},
  publisher={Taylor \& Francis}
}

@article{brunel1997,
  title={Time to detect the difference between two images presented side by side},
  author={Brunel, Nicolas and Ninio, Jacques},
  journal={Cognitive brain research},
  volume={5},
  number={4},
  pages={273--282},
  year={1997},
  publisher={Elsevier}
}

@article{oregan1999,
  title={Change-blindness as a result of mudsplashes},
  author={O'Regan, J Kevin and Rensink, Ronald A and Clark, James J},
  journal={Nature},
  volume={398},
  number={6722},
  pages={34--34},
  year={1999},
  publisher={Nature Publishing Group}
}

@article{lowe2004,
  title={Distinctive image features from scale-invariant keypoints},
  author={Lowe, David},
  journal={International journal of computer vision},
  volume={60},
  number={2},
  pages={91--110},
  year={2004},
  publisher={Springer}
}

@article{pashler1988,
  title={Familiarity and visual change detection},
  author={Pashler, Harold},
  journal={Perception \& psychophysics},
  volume={44},
  number={4},
  pages={369--378},
  year={1988},
  publisher={Springer}
}

@techreport {gtsam,
	title = {Factor {G}raphs and {GTSAM}: {A} {H}ands-on {I}ntroduction},
	number = {GT-RIM-CP\&R-2012-002},
	year = {2012},
	month = {Sept},
	institution = {GT RIM},
	url = {https://research.cc.gatech.edu/borg/sites/edu.borg/files/downloads/gtsam.pdf},
	author = {Frank Dellaert}
}

@inproceedings{carlone2014,
  title={Eliminating {C}onditionally {I}ndependent {S}ets in {F}actor {G}raphs: {A} {U}nifying {P}erspective based on {S}mart {F}actors},
  author={Carlone, Luca and Kira, Zsolt and Beall, Chris and Indelman, Vadim and Dellaert, Frank},
  year={2014},
  booktitle={IEEE International Conference on Robotics and Automation (ICRA)}
}

@inproceedings{arroyo2015,
  title={Towards life-long visual localization using an efficient matching of binary sequences from images},
  author={Arroyo, Roberto and Alcantarilla, Pablo F and Bergasa, Luis M and Romera, Eduardo},
  booktitle={Robotics and Automation (ICRA), 2015 IEEE International Conference on},
  pages={6328--6335},
  year={2015},
  organization={IEEE}
}

@article{valgren2010,
  title={{SIFT, SURF \& seasons: Appearance-based long-term localization in outdoor environments}},
  author={Valgren, Christoffer and Lilienthal, Achim J},
  journal={Robotics and Autonomous Systems},
  volume={58},
  number={2},
  pages={149--156},
  year={2010},
  publisher={Elsevier}
}

@inproceedings{milford2014,
  title={Automated sensory data alignment for environmental and epidermal change monitoring},
  author={Milford, Michael and Firn, Jennifer and Beattie, James and Jacobson, Adam and Pepperell, Edward and Mason, Eugene and Kimlin, Michael and Dunbabin, Matthew},
  booktitle={Australasian Conference on Robotics and Automation 2014},
  pages={1--10},
  year={2014},
  organization={Australian Robotic and Automation Association}
}

@inproceedings{glover2010,
  title={{FAB-MAP+ RatSLAM}: {A}ppearance-based {SLAM} for multiple times of day},
  author={Glover, Arren J and Maddern, William P and Milford, Michael J and Wyeth, Gordon Fraser},
  booktitle={ICRA},
  pages={3507--3512},
  year={2010},
  organization={IEEE}
}

@article{cummins2008fab,
  title={FAB-MAP: Probabilistic localization and mapping in the space of appearance},
  author={Cummins, Mark and Newman, Paul},
  journal={The International Journal of Robotics Research},
  volume={27},
  number={6},
  pages={647--665},
  year={2008},
  publisher={SAGE Publications}
}

@inproceedings{ni2007,
  title={Tectonic {SAM}: {E}xact, out-of-core, submap-based {SLAM}},
  author={Ni, Kai and Steedly, Drew and Dellaert, Frank},
  booktitle={ICRA},
  pages={1678--1685},
  year={2007},
  organization={IEEE}
}



@inproceedings{corke2013,
  title={Dealing with shadows: {C}apturing intrinsic scene appearance for image-based outdoor localization},
  author={Corke, Peter and Paul, Rohan and Churchill, Winston and Newman, Paul},
  booktitle={IROS},
  pages={2085--2092},
  year={2013},
  organization={IEEE}
}

@inproceedings{jain2013,
   author = "Sezal Jain and Stephen T. Nuske and Andrew D Chambers and Luke Yoder and Hugh Cover and Lyle J. Chamberlain and Sebastian Scherer and Sanjiv Singh",
   title = "Autonomous River Exploration",
   booktitle = "FSR",
   month = "December",
   year = "2013",
}


@article{churchill2013,
  title={Experience-based navigation for long-term localisation},
  author={Churchill, Winston and Newman, Paul},
  journal={IJRR},
  volume={32},
  number={14},
  pages={1645--1661},
  year={2013},
  publisher={SAGE Publications}
}


@article{nuske2009,
  title={Robust outdoor visual localization using a three-dimensional-edge map},
  author={Nuske, Stephen and Roberts, Jonathan and Wyeth, Gordon},
  journal={JFR},
  volume={26},
  number={9},
  address={Brisbane, AU},
  pages={728--756},
  year={2009},
  publisher={Wiley Online Library}
}

@INPROCEEDINGS{mcmanus2014, 
    AUTHOR    = {Colin McManus AND Ben Upcroft AND Paul Newman}, 
    TITLE     = {Scene Signatures: {L}ocalized and Point-less Features for Localization}, 
    BOOKTITLE = {RSS}, 
    YEAR      = {2014}, 
    ADDRESS   = {Berkeley, USA}, 
    MONTH     = {July} 
}

@inproceedings{subramanian2006,
  title={Shoreline mapping using an omni-directional camera for autonomous surface vehicle applications},
  author={Subramanian, Anbumani and Gong, Xiaojin and Riggins, Jamie and Stilwell, Daniel and Wyatt, Christopher},
  booktitle={OCEANS},
  pages={1--6},
  year={2006},
  organization={IEEE}
}

@article{neubert2015superpixel,
  title={Superpixel-based appearance change prediction for long-term navigation across seasons},
  author={Neubert, Peer and S{\"u}nderhauf, Niko and Protzel, Peter},
  journal={Robotics and Autonomous Systems},
  volume={69},
  pages={15--27},
  year={2015},
  publisher={Elsevier}
}


@conference {beall2014,
	title = {Appearance-based Localization across Seasons in a {M}etric {M}ap},
	booktitle = {6th PPNIV},
	year = {2014},
	month = {September},
	address = {Chicago, USA},
	author = {Chris Beall and Frank Dellaert}
}

@article{wang2014,
 author = {Wang, Oliver and Schroers, Christopher and Zimmer, Henning and Gross, Markus and Sorkine-Hornung, Alexander},
 title = {Video{S}napping: {I}nteractive {S}ynchronization of {M}ultiple {V}ideos},
 journal = {ACM Trans. Graph.},
 issue_date = {July 2014},
 volume = {33},
 number = {4},
 month = jul,
 year = {2014},
 issn = {0730-0301},
 pages = {77:1--77:10},
 articleno = {77},
 numpages = {10},
 url = {http://doi.acm.org.prx.library.gatech.edu/10.1145/2601097.2601208},
 doi = {10.1145/2601097.2601208},
 acmid = {2601208},
 publisher = {ACM},
 address = {New York, NY, USA},
 keywords = {alignment, synchronization, video editing},
}

@article{agarwal2011,
  title={Building {R}ome in a {D}ay},
  author={Agarwal, Sameer and Furukawa, Yasutaka and Snavely, Noah and Simon, Ian and Curless, Brian and Seitz, Steven and Szeliski, Richard},
  journal={Communications of the ACM},
  volume={54},
  number={10},
  pages={105--112},
  year={2011},
  publisher={ACM}
}

@article{he2006,
  title={Topological map learning from outdoor image sequences},
  author={He, Xuming and Zemel, Richard and Mnih, Volodymyr},
  journal={JFR},
  volume={23},
  number={11-12},
  pages={1091--1104},
  year={2006},
  publisher={Wiley Online Library}
}

@inproceedings{hitz2014icra,
  title={Fully autonomous focused exploration for robotic environmental monitoring},
  author={Hitz, Gregory and Gotovos, Alkis and Pomerleau, Franccois and Garneau, Marie-Eve and Pradalier, Cedric and Krause, Andreas and Siegwart, Roland Y},
  booktitle={IEEE International Conference on Robotics and Automation (ICRA)},
  pages={2658--2664},
  year={2014},
  organization={IEEE}
}

@inproceedings{hitz2014iser,
  title={State Estimation for Shore Monitoring Using an Autonomous Surface Vessel},
  author={Hitz, Gregory and Pomerleau, Fran{\c{c}}ois and Colas, Francis and Siegwart, Roland},
  year={2014},
  booktitle={International Symposium on Experimental Robotics (ISER)}
}

@inproceedings{griffith2015fsr,
  title={A Spatially and Temporally Scalable Approach for Long-Term Lakeshore Monitoring},
  author={Griffith, Shane and Pradalier, C{\'e}dric},
  year={2015},
  booktitle={International Conf. On Field And Service Robotics}
}


@article{griffith2016jfr,
  title={Survey Registration for Long--Term Lakeshore Monitoring},
  author={Shane Griffith and C{\'e}dric Pradalier},
  journal={Journal of Field Robotics (submitted)},
  year={2016},
}



@inproceedings{griffith2014iser,
  title={Towards Autonomous Lakeshore Monitoring},
  author={Griffith, Shane and Drews, Paul and Pradalier, C{\'e}dric},
  year={2014},
  booktitle={International Symposium on Experimental Robotics (ISER)}
}


@inproceedings{griffith2015rss,
  title={{Robot-Enabled Lakeshore Monitoring Using Visual SLAM and SIFT Flow}},
  author={Griffith, Shane and Dellaert, Frank and Pradalier, C{\'e}dric},
  year={2015},
  booktitle={{RSS Workshop on Multi-View Geometry in Robotics}}
}

@inproceedings{heidarsson2011,
  title={Obstacle detection from overhead imagery using self-supervised learning for autonomous surface vehicles},
  author={Heidarsson, Hordur and Sukhatme, Gaurav},
  booktitle={IROS},
  pages={3160--3165},
  year={2011},
  organization={IEEE}
}

@article{liu2011,
  title={{SIFT} {F}low: {D}ense correspondence across scenes and its applications},
  author={Liu, Ce and Yuen, Jenny and Torralba, Antonio},
  journal={PAMI},
  volume={33},
  number={5},
  pages={978--994},
  year={2011},
  publisher={IEEE}
}

@article{chvatal1979greedy,
  title={A greedy heuristic for the set-covering problem},
  author={Chvatal, Vasek},
  journal={Mathematics of operations research},
  volume={4},
  number={3},
  pages={233--235},
  year={1979},
  publisher={INFORMS}
}



@incollection{NIPS2014_5349,
title = {Learning Deep Features for Scene Recognition using Places Database},
author = {Zhou, Bolei and Lapedriza, Agata and Xiao, Jianxiong and Torralba, Antonio and Oliva, Aude},
booktitle = {Advances in Neural Information Processing Systems 27},
editor = {Z. Ghahramani and M. Welling and C. Cortes and N.D. Lawrence and K.Q. Weinberger},
pages = {487--495},
year = {2014},
publisher = {Curran Associates, Inc.},
url = {http://papers.nips.cc/paper/5349-learning-deep-features-for-scene-recognition-using-places-database.pdf}
}

@article{HyperLapse,
  title={First-person hyper-lapse videos},
  author={Kopf, Johannes and Cohen, Michael F and Szeliski, Richard},
  journal={ACM Transactions on Graphics (TOG)},
  volume={33},
  number={4},
  pages={78},
  year={2014},
  publisher={ACM}
}


@article{brualla2015,
  title={Time-lapse mining from internet photos},
  author={Martin-Brualla, Ricardo and Gallup, David and Seitz, Steven M},
  journal={ACM Transactions on Graphics (TOG)},
  volume={34},
  number={4},
  pages={62},
  year={2015},
  publisher={ACM}
}

@article{sunderhauf2015RSS,
  title={Place recognition with {ConvNet} landmarks: {V}iewpoint-robust, condition-robust, training-free},
  author={Sunderhauf, Niko and Shirazi, Sareh and Jacobson, Adam and Dayoub, Feras and Pepperell, Edward and Upcroft, Ben and Milford, Michael},
  journal={Proceedings of Robotics: Science and Systems XII},
  year={2015}
}

@inproceedings{sunderhauf2013,
  title={Are we there yet? challenging seqslam on a 3000 km journey across all four seasons},
  author={S{\"u}nderhauf, Niko and Neubert, Peer and Protzel, Peter},
  booktitle={Proc. of Workshop on Long-Term Autonomy, IEEE International Conference on Robotics and Automation (ICRA)},
  pages={2013},
  year={2013},
  organization={Citeseer}
}

@inproceedings{yang2014,
  title={{Daisy Filter Flow: A generalized discrete approach to dense correspondences}},
  author={Yang, Hongsheng and Lin, Wen-Yan and Lu, Jiangbo},
  booktitle={Computer Vision and Pattern Recognition (CVPR)},
  pages={3406--3413},
  year={2014},
  organization={IEEE}
}

@article{cord2014,
  title={Detecting Unfocused Raindrops: In-Vehicle Multipurpose Cameras},
  author={Cord, Aur{\'e}lien and Gimonet, Nicolas},
  journal={Robotics \& Automation Magazine, IEEE},
  volume={21},
  number={1},
  pages={49--56},
  year={2014},
  publisher={IEEE}
}

@inproceedings{stumm2013,
  title={Probabilistic place recognition with covisibility maps},
  author={Stumm, Elena and Mei, Christopher and Lacroix, Simon},
  booktitle={Intelligent Robots and Systems (IROS)},
  pages={4158--4163},
  year={2013},
  organization={IEEE}
}

@article{hartley1997,
  title={Triangulation},
  author={Hartley, Richard I and Sturm, Peter},
  journal={Computer vision and image understanding},
  volume={68},
  number={2},
  pages={146--157},
  year={1997},
  publisher={Elsevier}
}

@inproceedings{kim2013,
  title={Deformable spatial pyramid matching for fast dense correspondences},
  author={Kim, Jaechul and Liu, Ce and Sha, Fei and Grauman, Kristen},
  booktitle={Computer Vision and Pattern Recognition (CVPR)},
  pages={2307--2314},
  year={2013},
  organization={IEEE}
}

@inproceedings{milford2012seqslam,
  title={{SeqSLAM}: {V}isual route-based navigation for sunny summer days and stormy winter nights},
  author={Milford, Michael J and Wyeth, Gordon F},
  booktitle={International Conference on Robotics and Automation (ICRA)},
  pages={1643--1649},
  year={2012},
  organization={IEEE}
}

@article{sunderhauf2015performance,
  title={On the Performance of ConvNet Features for Place Recognition},
  author={S{\"u}nderhauf, Niko and Dayoub, Feras and Shirazi, Sareh and Upcroft, Ben and Milford, Michael},
  journal={arXiv preprint arXiv:1501.04158},
  year={2015}
}

@inproceedings{naseer2015,
  title={Robust Visual SLAM Across Seasons},
  author={Naseer, Tayyab and Ruhnke, Michael and Stachniss, Cyrill and Spinello, Luciano and Burgard, Wolfram},
  booktitle={IROS},
  year={2015}
}

@article{opencv_library,
author = {Bradski, G.},
citeulike-article-id = {2236121},
journal = {Dr. Dobb's Journal of Software Tools},
keywords = {bibtex-import},
posted-at = {2008-01-15 19:21:54},
priority = {4},
title = {{The OpenCV Library}},
year = {2000}
}

@inproceedings{rublee2011orb,
  title={ORB: an efficient alternative to SIFT or SURF},
  author={Rublee, Ethan and Rabaud, Vincent and Konolige, Kurt and Bradski, Gary},
  booktitle={International Conference on Computer Vision (ICCV)},
  pages={2564--2571},
  year={2011},
  organization={IEEE}
}

@inproceedings{milford2004,
  title={{RatSLAM}: a hippocampal model for simultaneous localization and mapping},
  author={Milford, Michael J and Wyeth, Gordon F and Rasser, DF},
  booktitle={International Conference on Robotics and Automation (ICRA)},
  volume={1},
  pages={403--408},
  year={2004},
  organization={IEEE}
}
