@comment{x-kbibtex-personnameformatting=<%l><, %f>}

@inproceedings{Reyes2015,
	added-at = "2015-09-03T00:00:00.000+0200",
	author = "Reyes, Angie K. and Caicedo, Juan C. and Camargo, Jorge E.",
	biburl = "http://www.bibsonomy.org/bibtex/2a44ed1dad67dc2aecab7077aa6bcefde/dblp",
	booktitle = "{CLEF (Working Notes)}",
	editor = "Cappellato, Linda and Ferro, Nicola and Jones, Gareth J. F. and SanJuan, Eric",
	ee = "http://ceur-ws.org/Vol-1391/121-CR.pdf",
	interhash = "b11d669b16983163cf5ff0eee92c3d81",
	intrahash = "a44ed1dad67dc2aecab7077aa6bcefde",
	keywords = "dblp",
	publisher = "CEUR-WS.org",
	series = "{CEUR Workshop Proceedings}",
	timestamp = "2015-09-04T11:34:55.000+0200",
	title = "{Fine-tuning Deep Convolutional Networks for Plant Recognition.}",
	volume = 1391,
	x-fetchedfrom = "Bibsonomy",
	year = 2015
}

@article{Sunderhauf2015,
	added-at = "2015-02-02T00:00:00.000+0100",
	author = "S{\"u}nderhauf, Niko and Dayoub, Feras and Shirazi, Sareh and Upcroft, Ben and Milford, Michael",
	interhash = "e17ad10d245abaa50794c745c03ec220",
	intrahash = "93627fa6223ca3c38b4d6dd825ecb1d7",
	journal = "CoRR",
	keywords = "dblp",
	timestamp = "2015-06-18T03:45:31.000+0200",
	title = "{On the Performance of ConvNet Features for Place Recognition.}",
	volume = "abs/1501.04158",
	x-fetchedfrom = "Bibsonomy",
	year = 2015
}

@inproceedings{Neubert2013,
	added-at = "2014-01-15T00:00:00.000+0100",
	author = "Neubert, Peer and S{\"u}nderhauf, Niko and Protzel, Peter",
	biburl = "http://www.bibsonomy.org/bibtex/289a5a6a02289226a910dfb26d4980164/dblp",
	booktitle = "{ECMR}",
	ee = "http://dx.doi.org/10.1109/ECMR.2013.6698842",
	interhash = "5b21d3dd00e337ea8da212046e9cf230",
	intrahash = "89a5a6a02289226a910dfb26d4980164",
	isbn = "978-1-4799-0263-7",
	keywords = "dblp",
	pages = "198--203",
	publisher = "IEEE",
	timestamp = "2015-11-18T11:47:58.000+0100",
	title = "{Appearance change prediction for long-term navigation across seasons.}",
	x-fetchedfrom = "Bibsonomy",
	year = 2013
}

