@article{kaess2012,
  title={{iSAM2}: {I}ncremental smoothing and mapping using the {B}ayes tree},
  author={Kaess, Michael and Johannsson, Hordur and Roberts, Richard and Ila, Viorela and Leonard, John J and Dellaert, Frank},
  journal={IJRR},
  volume={31},
  number={2},
  pages={216--235},
  year={2012},
  publisher={Sage Publications}
}

@inproceedings{rogers2009,
  title={Normalized graph cuts for visual SLAM},
  author={Rogers, John and Christensen, Henrik},
  booktitle={IROS},
  pages={918--923},
  year={2009},
  organization={IEEE}
}

@article{sibley2010,
  title={Vast-scale outdoor navigation using adaptive relative bundle adjustment},
  author={Sibley, Gabe and Mei, Christopher and Reid, Ian and Newman, Paul},
  journal={IJRR},
  volume={29},
  number={8},
  pages={958-980},
  year={2010},
  publisher={Sage Publications}
}

@inproceedings{kwatra2003,
  title={Graphcut textures: {I}mage and video synthesis using graph cuts},
  author={Kwatra, Vivek and Sch{\"o}dl, Arno and Essa, Irfan and Turk, Greg and Bobick, Aaron},
  booktitle={ACM Transactions on Graphics (ToG)},
  volume={22},
  pages={277--286},
  year={2003},
  organization={ACM}
}

@article{zlinszky2011,
  title={Initial report of the {AIMWETLAB} project: {S}imultaneous airborne hyperspectral, {LIDAR} and photogrammetric survey of the full shoreline of {L}ake {B}alaton, {H}ungary},
  author={Zlinszky, Andr{\'a}s and T{\'o}th, Viktor and Pomogyi, Piroska and Tim{\'a}r, G{\'a}bor},
  journal={Geographia Technica},
  volume={11},
  pages={101--117},
  year={2011}
}

@article{alvarez2007,
  title={Multilevel responses of emergent vegetation to environmental factors in a semiarid floodplain},
  author={Alvarez-Cobelas, Miguel and Cirujano, Santos},
  journal={Aquatic Botany},
  volume={87},
  number={1},
  pages={49--60},
  year={2007},
  publisher={Elsevier}
}

@article{niinioja2004,
  title={Public participation in monitoring programmes as a tool for lakeshore monitoring: {T}he example of {L}ake {P}yh{\"a}j{\"a}rvi, {K}arelia, {E}astern {F}inland},
  author={Niinioja, Ritta and Holopainen, Anna-Liisa and Lepist{\"o}, Liisa and R{\"a}m{\"o}, Anita and Turkka, Jouko},
  journal={Limnologica-Ecology and Management of Inland Waters},
  volume={34},
  number={1},
  pages={154--159},
  year={2004},
  publisher={Elsevier}
}

@incollection{kosecka2013,
  title={Detecting changes in images of street scenes},
  author={Ko{\v{s}}ecka, Jana},
  booktitle={Computer Vision--ACCV 2012},
  volume={7727},
  series={LNCS},
  pages={590--601},
  year={2013},
  publisher={Springer}
}

@inproceedings{johns2013,
  title={Feature co-occurrence maps: {A}ppearance-based localisation throughout the day},
  author={Johns, Edward and Yang, Guang-Zhong},
  booktitle={Robotics and Automation (ICRA), 2013 IEEE International Conference on},
  pages={3212--3218},
  year={2013},
  organization={IEEE}
}


@article{radke2005,
  title={Image change detection algorithms: {A} systematic survey},
  author={Radke, Richard J and Andra, Srinivas and Al-Kofahi, Omar and Roysam, Badrinath},
  journal={IEEE Transactions on Image Processing},
  volume={14},
  number={3},
  pages={294--307},
  year={2005},
  publisher={IEEE}
}

@article{evangelidis2013,
  title={Efficient subframe video alignment using short descriptors},
  author={Evangelidis, Georgios D and Bauckhage, Christian},
  journal={IEEE Transactions on Pattern Analysis and Machine Intelligence},
  volume={35},
  number={10},
  pages={2371--2386},
  year={2013},
  publisher={IEEE}
}

@article{williams2012,
  title={Monitoring of benthic reference sites: {U}sing an autonomous underwater vehicle},
  author={Williams, Stefan B and Pizarro, Oscar R and Jakuba, Michael V and Johnson, Craig R and Barrett, Neville S and Babcock, Russell C and Kendrick, Gary A and Steinberg, Peter D and Heyward, Andrew J and Doherty, Peter J and others},
  journal={Robotics \& Automation Magazine, IEEE},
  volume={19},
  number={1},
  pages={73--84},
  year={2012},
  publisher={IEEE}
}

@article{gu2009,
  title={Removing image artifacts due to dirty camera lenses and thin occluders},
  author={Gu, Jinwei and Ramamoorthi, Ravi and Belhumeur, Peter and Nayar, Shree},
  journal={ACM Transactions on Graphics (TOG)},
  volume={28},
  number={5},
  pages={144},
  year={2009},
  publisher={ACM}
}

@article{dunbabin2012,
  title={Robots for environmental monitoring: {S}ignificant advancements and applications},
  author={Dunbabin, Matthew and Marques, Lino},
  journal={Robotics \& Automation Magazine, IEEE},
  volume={19},
  number={1},
  pages={24--39},
  year={2012},
  publisher={IEEE}
}

@ARTICLE{tokekar2013,
  AUTHOR       = {P. Tokekar and E. Branson and J. {Vander Hook} and V. Isler},
  JOURNAL      = {IEEE Robotics and Automation Magazine},
  TITLE        = {Tracking Aquatic Invaders: {A}utonomous Robots for Monitoring Invasive Fish},
  YEAR         = {2013},
  NUMBER       = {3},
  PAGES        = {33-41},
  VOLUME       = {20},
  KEYWORDS     = {environmental-monitoring,coverage,active-localization},
  PDF          = {http://rsn.cs.umn.edu/images/7/75/Iram2012coverage.pdf},
  DBSLINKS  = {[49],[50]}
}

@article{scott2000,
  title={Comparison blindness},
  author={Scott-Brown, Kenneth and Baker, Mark and Orbach, Harry},
  journal={Visual cognition},
  volume={7},
  number={1-3},
  pages={253--267},
  year={2000},
  publisher={Taylor \& Francis}
}

@article{brunel1997,
  title={Time to detect the difference between two images presented side by side},
  author={Brunel, Nicolas and Ninio, Jacques},
  journal={Cognitive brain research},
  volume={5},
  number={4},
  pages={273--282},
  year={1997},
  publisher={Elsevier}
}

@article{oregan1999,
  title={Change-blindness as a result of mudsplashes},
  author={O'Regan, J Kevin and Rensink, Ronald A and Clark, James J},
  journal={Nature},
  volume={398},
  number={6722},
  pages={34--34},
  year={1999},
  publisher={Nature Publishing Group}
}

@article{lowe2004,
  title={Distinctive image features from scale-invariant keypoints},
  author={Lowe, David},
  journal={International journal of computer vision},
  volume={60},
  number={2},
  pages={91--110},
  year={2004},
  publisher={Springer}
}

@article{pashler1988,
  title={Familiarity and visual change detection},
  author={Pashler, Harold},
  journal={Perception \& psychophysics},
  volume={44},
  number={4},
  pages={369--378},
  year={1988},
  publisher={Springer}
}

@techreport {gtsam,
	title = {Factor {G}raphs and {GTSAM}: {A} {H}ands-on {I}ntroduction},
	number = {GT-RIM-CP\&R-2012-002},
	year = {2012},
	month = {Sept},
	institution = {GT RIM},
	url = {https://research.cc.gatech.edu/borg/sites/edu.borg/files/downloads/gtsam.pdf},
	author = {Frank Dellaert}
}

@inproceedings{carlone2014,
  title={Eliminating {C}onditionally {I}ndependent {S}ets in {F}actor {G}raphs: {A} {U}nifying {P}erspective based on {S}mart {F}actors},
  author={Carlone, Luca and Kira, Zsolt and Beall, Chris and Indelman, Vadim and Dellaert, Frank},
  year={2014},
  booktitle={IEEE International Conference on Robotics and Automation (ICRA)}
}


@article{valgren2010,
  title={{SIFT, SURF \& seasons: Appearance-based long-term localization in outdoor environments}},
  author={Valgren, Christoffer and Lilienthal, Achim J},
  journal={Robotics and Autonomous Systems},
  volume={58},
  number={2},
  pages={149--156},
  year={2010},
  publisher={Elsevier}
}



@inproceedings{glover2010,
  title={{FAB-MAP+ RatSLAM}: {A}ppearance-based {SLAM} for multiple times of day},
  author={Glover, Arren J and Maddern, William P and Milford, Michael J and Wyeth, Gordon Fraser},
  booktitle={ICRA},
  pages={3507--3512},
  year={2010},
  organization={IEEE}
}


@inproceedings{ni2007,
  title={Tectonic {SAM}: {E}xact, out-of-core, submap-based {SLAM}},
  author={Ni, Kai and Steedly, Drew and Dellaert, Frank},
  booktitle={ICRA},
  pages={1678--1685},
  year={2007},
  organization={IEEE}
}




@inproceedings{jain2013,
   author = "Sezal Jain and Stephen T. Nuske and Andrew D Chambers and Luke Yoder and Hugh Cover and Lyle J. Chamberlain and Sebastian Scherer and Sanjiv Singh",
   title = "Autonomous River Exploration",
   booktitle = "FSR",
   month = "December",
   year = "2013",
}




@article{nuske2009,
  title={Robust outdoor visual localization using a three-dimensional-edge map},
  author={Nuske, Stephen and Roberts, Jonathan and Wyeth, Gordon},
  journal={JFR},
  volume={26},
  number={9},
  address={Brisbane, AU},
  pages={728--756},
  year={2009},
  publisher={Wiley Online Library}
}

@inproceedings{subramanian2006,
  title={Shoreline mapping using an omni-directional camera for autonomous surface vehicle applications},
  author={Subramanian, Anbumani and Gong, Xiaojin and Riggins, Jamie and Stilwell, Daniel and Wyatt, Christopher},
  booktitle={OCEANS},
  pages={1--6},
  year={2006},
  organization={IEEE}
}

@article{neubert2014,
  title={Superpixel-based appearance change prediction for long-term navigation across seasons},
  author={Neubert, Peer and S{\"u}nderhauf, Niko and Protzel, Peter},
  journal={RAS},
  year={2014},
  publisher={Elsevier}
}


@article{wang2014,
 author = {Wang, Oliver and Schroers, Christopher and Zimmer, Henning and Gross, Markus and Sorkine-Hornung, Alexander},
 title = {Video{S}napping: {I}nteractive {S}ynchronization of {M}ultiple {V}ideos},
 journal = {ACM Trans. Graph.},
 issue_date = {July 2014},
 volume = {33},
 number = {4},
 month = jul,
 year = {2014},
 issn = {0730-0301},
 pages = {77:1--77:10},
 articleno = {77},
 numpages = {10},
 url = {http://doi.acm.org.prx.library.gatech.edu/10.1145/2601097.2601208},
 doi = {10.1145/2601097.2601208},
 acmid = {2601208},
 publisher = {ACM},
 address = {New York, NY, USA},
 keywords = {alignment, synchronization, video editing},
}

@article{agarwal2011,
  title={Building {R}ome in a {D}ay},
  author={Agarwal, Sameer and Furukawa, Yasutaka and Snavely, Noah and Simon, Ian and Curless, Brian and Seitz, Steven and Szeliski, Richard},
  journal={Communications of the ACM},
  volume={54},
  number={10},
  pages={105--112},
  year={2011},
  publisher={ACM}
}

@article{he2006,
  title={Topological map learning from outdoor image sequences},
  author={He, Xuming and Zemel, Richard and Mnih, Volodymyr},
  journal={JFR},
  volume={23},
  number={11-12},
  pages={1091--1104},
  year={2006},
  publisher={Wiley Online Library}
}

@inproceedings{hitz2014icra,
  title={Fully autonomous focused exploration for robotic environmental monitoring},
  author={Hitz, Gregory and Gotovos, Alkis and Pomerleau, Franccois and Garneau, Marie-Eve and Pradalier, Cedric and Krause, Andreas and Siegwart, Roland Y},
  booktitle={IEEE International Conference on Robotics and Automation (ICRA)},
  pages={2658--2664},
  year={2014},
  organization={IEEE}
}

@inproceedings{hitz2014iser,
  title={State Estimation for Shore Monitoring Using an Autonomous Surface Vessel},
  author={Hitz, Gregory and Pomerleau, Fran{\c{c}}ois and Colas, Francis and Siegwart, Roland},
  year={2014},
  booktitle={ISER}
}

@inproceedings{griffith2015fsr,
  title={A Spatially and Temporally Scalable Approach for Long-Term Lakeshore Monitoring},
  author={Griffith, Shane and Pradalier, C{\'e}dric},
  year={2015},
  booktitle={International Conf. On Field And Service Robotics}
}



@inproceedings{griffith2015rss,
  title={{Robot-Enabled Lakeshore Monitoring Using Visual SLAM and SIFT Flow}},
  author={Griffith, Shane and Dellaert, Frank and Pradalier, C{\'e}dric},
  year={2015},
  booktitle={{RSS Workshop on Multi-View Geometry in Robotics}}
}

@inproceedings{heidarsson2011,
  title={Obstacle detection from overhead imagery using self-supervised learning for autonomous surface vehicles},
  author={Heidarsson, Hordur and Sukhatme, Gaurav},
  booktitle={IROS},
  pages={3160--3165},
  year={2011},
  organization={IEEE}
}

@article{liu2011sift,
  title={{SIFT} {F}low: {D}ense correspondence across scenes and its applications},
  author={Liu, Ce and Yuen, Jenny and Torralba, Antonio},
  journal={PAMI},
  volume={33},
  number={5},
  pages={978--994},
  year={2011},
  publisher={IEEE}
}

@article{chvatal1979greedy,
  title={A greedy heuristic for the set-covering problem},
  author={Chvatal, Vasek},
  journal={Mathematics of operations research},
  volume={4},
  number={3},
  pages={233--235},
  year={1979},
  publisher={INFORMS}
}



@incollection{NIPS2014_5349,
title = {Learning Deep Features for Scene Recognition using Places Database},
author = {Zhou, Bolei and Lapedriza, Agata and Xiao, Jianxiong and Torralba, Antonio and Oliva, Aude},
booktitle = {Advances in Neural Information Processing Systems 27},
editor = {Z. Ghahramani and M. Welling and C. Cortes and N.D. Lawrence and K.Q. Weinberger},
pages = {487--495},
year = {2014},
publisher = {Curran Associates, Inc.},
url = {http://papers.nips.cc/paper/5349-learning-deep-features-for-scene-recognition-using-places-database.pdf}
}

@article{HyperLapse,
  title={First-person hyper-lapse videos},
  author={Kopf, Johannes and Cohen, Michael F and Szeliski, Richard},
  journal={ACM Transactions on Graphics (TOG)},
  volume={33},
  number={4},
  pages={78},
  year={2014},
  publisher={ACM}
}


@article{HyperLapseMining,
  title={Time-lapse mining from internet photos},
  author={Martin-Brualla, Ricardo and Gallup, David and Seitz, Steven M},
  journal={ACM Transactions on Graphics (TOG)},
  volume={34},
  number={4},
  pages={62},
  year={2015},
  publisher={ACM}
}

@inproceedings{sunderhauf2013we,
  title={Are we there yet? challenging seqslam on a 3000 km journey across all four seasons},
  author={S{\"u}nderhauf, Niko and Neubert, Peer and Protzel, Peter},
  booktitle={Proc. of Workshop on Long-Term Autonomy, IEEE International Conference on Robotics and Automation (ICRA)},
  pages={2013},
  year={2013},
  organization={Citeseer}
}


@article{sunderhauf2015performance,
  title={On the Performance of ConvNet Features for Place Recognition},
  author={S{\"u}nderhauf, Niko and Dayoub, Feras and Shirazi, Sareh and Upcroft, Ben and Milford, Michael},
  journal={arXiv preprint arXiv:1501.04158},
  year={2015}
}

@inproceedings{naseerrobust,
  title={Robust Visual SLAM Across Seasons},
  author={Naseer, Tayyab and Ruhnke, Michael and Stachniss, Cyrill and Spinello, Luciano and Burgard, Wolfram},
  booktitle={IROS},
  year={2015}
}
@article{opencv_library,
author = {Bradski, G.},
citeulike-article-id = {2236121},
journal = {Dr. Dobb's Journal of Software Tools},
keywords = {bibtex-import},
posted-at = {2008-01-15 19:21:54},
priority = {4},
title = {{The OpenCV Library}},
year = {2000}
}

@inproceedings{rublee2011orb,
  title={ORB: an efficient alternative to SIFT or SURF},
  author={Rublee, Ethan and Rabaud, Vincent and Konolige, Kurt and Bradski, Gary},
  booktitle={Computer Vision (ICCV), 2011 IEEE International Conference on},
  pages={2564--2571},
  year={2011},
  organization={IEEE}
}

@inproceedings{griffith2014iser,
  title={Towards Autonomous Lakeshore Monitoring},
  author={Griffith, Shane and Drews, Paul and Pradalier, C{\'e}dric},
  year={2014},
  booktitle={International Symposium on Experimental Robotics (ISER)}
}

